<?xml version="1.0" encoding="UTF-8"?><collection xmlns="http://www.loc.gov/MARC21/slim"><record><leader>00341nam--2200121-i-4500</leader><controlfield tag="001">000025645</controlfield><controlfield tag="002">20161230</controlfield><controlfield tag="005">20161230201036</controlfield><controlfield tag="008">060222s1000------------r-----000-0-eng-d</controlfield><datafield ind1=" " ind2=" " tag="245"><subfield code="a">Impulstechnik. im auftrag des aussen-instituts der technischen universitat</subfield></datafield><datafield ind1=" " ind2=" " tag="260"><subfield code="a">Berlin, Springer-verlag, 1956. 202p</subfield></datafield><datafield ind1=" " ind2=" " tag="700"><subfield code="a">Winckel, F</subfield></datafield><datafield ind1=" " ind2=" " tag="852"><subfield code="a">12688</subfield></datafield></record></collection>